@manual{Anleitungalt,
  author = {Lehrstuhl für Experimentelle Physik I},
  title = {Röntgenreflektometrie Versuch},
  year = 2007,
  url = {http://e1.physik.tu-dortmund.de/cms/Medienpool/Downloads/Roentgenreflektometrie_Versuch.pdf}
}
