@manual{Buch,
  author = {Max Wutz, Hermann Adam, Wilhelm Walacher},
  title = {Theorie und Praxis der Vakuumtechnik},
  year = 1992
}

@online{Pfeiffer,
        url = {http://www.pfeiffer-vacuum.de/know-how/container.action},
        urldate = {2022-04-29},
        title = {The Vacuum technology book},
        author = {Pfeiffer Vacuum}
        }