@manual{Anleitung,
  author = {TU Dortmund},
  title = {V46 - Faraday-Effekt an Halbleitern},
  year = 2019
}