@manual{v27,
title = {Versuchsanleitung: V27 - Zeeman Effekt},
year = {2019},
organization = {Fakultät Phyik, TU Dortmund},
}

@online{rot,
  title = {normaler Zeeman-Effekt},
  addendum = "(zuletzt besucht: 23.06.2022)",
  organization = {Universität Konstanz},
  url = {https://www.physik.uni-konstanz.de/vs/themen/atom-und-quantenphysik/atomhuelle-und-elektronenspin/normaler-zeeman-effekt/}
}

@online{blau,
  title = {anomaler Zeeman-Effekt und Hyperfeinstruktur},
  addendum = "(zuletzt besucht: 23.06.2022)",
  organization = {Universität Konstanz},
  url = {https://www.physik.uni-konstanz.de/vs/themen/atom-und-quantenphysik/atomhuelle-und-elektronenspin/anomaler-zeeman-effekt-und-hyperfeinstruktur/}
}