@manual{V61,
title = {Versuchsanleitung: V61 - He-Ne Laser},
year = {2022},
organization = {Fakultät Phyik, TU Dortmund},
}

@online{emission,
  title = {Ableitung der Planckschen Strahlungsformel nach Einstein},
  addendum = "(zuletzt besucht: 01.06.2022)",
  url = {https://www.uni-ulm.de/fileadmin/website_uni_ulm/nawi.inst.251/Didactics/quantenchemie/html/AbleitF.html}
}

@book{laser,
    author = {Hans Joachim Eichler, Jürgen Eichler},
    title = {Laser (Bauformen, Strahlführung, Anwendungen)},
    pages          = {68},
    year = {2015},
    publisher = {Springer-Verlag},
    series = {8. Auflage}
}